
@article{Grimm2000,
archivePrefix = {arXiv},
arxivId = {arXiv:physics/9902072v1},
author = {Grimm, Rudolf and Weidem\"{u}ller, M and Ovchinnikov, YB},
doi = {http://dx.doi.org/10.1016/S1049-250X(08)60186-X},
eprint = {9902072v1},
file = {:home/pmd/Documents/Mendeley/2000/\ldots atomic, molecular, and optical \ldots/Grimm, Weidem\"{u}ller, Ovchinnikov\_2000\_Optical dipole traps for neutral atoms.pdf:pdf},
journal = {\ldots atomic, molecular, and optical \ldots},
primaryClass = {arXiv:physics},
title = {{Optical dipole traps for neutral atoms}},
url = {http://www.sciencedirect.com/science/article/pii/S1049250X0860186X},
year = {2000}
}

@incollection{Grimm2000b,
title = "Optical Dipole Traps for Neutral Atoms ",
editor = "Benjamin Bederson and Herbert Walther",
booktitle = "",
publisher = "Academic Press",
year = "2000",
volume = "42",
pages = "95 - 170",
series = "Advances In Atomic, Molecular, and Optical Physics ",
issn = "1049-250X",
doi = "http://dx.doi.org/10.1016/S1049-250X(08)60186-X",
url = "http://www.sciencedirect.com/science/article/pii/S1049250X0860186X",
author = "Rudolf Grimm and Matthias Weidem√ºller and Yurii B. Ovchinnikov"
}


title        = {Quantum Simulation in Strongly Correlated Optical Lattices},
@phdthesis{McKay2012,
  author       = {David C. McKay}, 
  school       = {University of Illinois at Urabana-Champaign},
  year         = 2012,
}

@article{Gordon1980,
author = {Gordon, J. P. and Ashkin, A},
doi = {10.1103/PhysRevA.21.1606},
file = {:home/pmd/Documents/Mendeley/1980/Physical Review A/Gordon, Ashkin\_1980\_Motion of atoms in a radiation trap.pdf:pdf},
issn = {0556-2791},
journal = {Physical Review A},
month = may,
number = {5},
pages = {1606--1617},
title = {{Motion of atoms in a radiation trap}},
url = {http://link.aps.org/doi/10.1103/PhysRevA.21.1606},
volume = {21},
year = {1980}
}


@article{McKay2011,
author = {McKay, D C and DeMarco, B},
doi = {10.1088/0034-4885/74/5/054401},
file = {:home/pmd/Documents/Mendeley/2011/Reports on Progress in Physics/McKay, DeMarco\_2011\_Cooling in strongly correlated optical lattices prospects and challenges.pdf:pdf},
issn = {0034-4885},
journal = {Reports on Progress in Physics},
month = may,
number = {5},
pages = {054401},
title = {{Cooling in strongly correlated optical lattices: prospects and challenges}},
url = {http://stacks.iop.org/0034-4885/74/i=5/a=054401?key=crossref.b6c5a8abc6cac56fe2b79243d6632ad5},
volume = {74},
year = {2011}
}

@article{Gerbier2010,
author = {Gerbier, Fabrice and Castin, Yvan},
doi = {10.1103/PhysRevA.82.013615},
file = {:home/pmd/Documents/Mendeley/2010/Physical Review A/Gerbier, Castin\_2010\_Heating rates for an atom in a far-detuned optical lattice.pdf:pdf},
issn = {1050-2947},
journal = {Physical Review A},
month = jul,
number = {1},
pages = {013615},
title = {{Heating rates for an atom in a far-detuned optical lattice}},
url = {http://link.aps.org/doi/10.1103/PhysRevA.82.013615},
volume = {82},
year = {2010}
}


@article{Pichler2010,
author = {Pichler, H. and Daley, a. J. and Zoller, P.},
doi = {10.1103/PhysRevA.82.063605},
file = {:home/pmd/Documents/Mendeley/2010/Physical Review A/Pichler, Daley, Zoller\_2010\_Nonequilibrium dynamics of bosonic atoms in optical lattices Decoherence of many-body states due to spontane.pdf:pdf},
issn = {1050-2947},
journal = {Physical Review A},
month = dec,
number = {6},
pages = {063605},
title = {{Nonequilibrium dynamics of bosonic atoms in optical lattices: Decoherence of many-body states due to spontaneous emission}},
url = {http://link.aps.org/doi/10.1103/PhysRevA.82.063605},
volume = {82},
year = {2010}
}
@article{Riou2012,
author = {Riou, Jean-F\'{e}lix and Reinhard, Aaron and Zundel, Laura a. and Weiss, David S.},
doi = {10.1103/PhysRevA.86.033412},
file = {:home/pmd/Documents/Mendeley/2012/Physical Review A/Riou et al.\_2012\_Spontaneous-emission-induced transition rates between atomic states in optical lattices.pdf:pdf},
issn = {1050-2947},
journal = {Physical Review A},
month = sep,
number = {3},
pages = {033412},
title = {{Spontaneous-emission-induced transition rates between atomic states in optical lattices}},
url = {http://link.aps.org/doi/10.1103/PhysRevA.86.033412},
volume = {86},
year = {2012}
}




